% Putting braces around words in titles (or the whole title)
% forces LaTeX to respect that capitalization.  Otherwise, depending on
% your reference style, it might change the capitalization.

% --------------------------------------------------------------------------
% Actually used by Hanjie Li.

@book{redbook,
Address = {Boca Raton, FL},
Author = {Mills, D.},
Publisher = {CRC/Taylor \& Francis},
Title = {{Computer Network Time Synchronization: The Network Time Protocol}},
Year = {2006},
}

@article{Atomic_clock,
   author = {T.L. Nicholson and S.L. Campbell and R.B. Hutson and G.E. Marti
       and B.J.  Bloom and R.L. McNally and W. Zhang and M.D. Barrett and M.S.
           Safronova and G.F. Strouse and W.L. Tew and J. Ye},
   title = {Systematic evaluation of an atomic clock at $2\times 10 ^{-18}$
       total uncertainty},
   journal = {Nature Communications},
   volume = {6},
   number = {6896},
   year = {2015}
}

@misc{utc_def,
  author = {},
  title = {{Standard-frequency and time-signal emissions}},
  month = {\url{http://www.itu.int/dms_pubrec/itu-r/rec/tf/R-REC-TF.460-6-200202-I!!PDF-E.pdf},
      retrieved March 29,},
  timestamp = {2019.3.28},
  year = {2019}
}

@misc{utc,
  author = {},
  title = {{The Difference Between GMT and UTC}},
  month = {\url{https://www.timeanddate.com/time/gmt-utc-time.html},
      retrieved March 28,},
  timestamp = {2019.3.28},
  year = {2019}
}

@misc{pool,
  author = {},
  title = {{NTP Pool Time Servers}},
  month = {\url{http://support.ntp.org/bin/view/Servers/NTPPoolServers},
      retrieved March 12,},
  timestamp = {2019.3.12},
  year = {2019}
}

@misc{rules,
  author = {},
  title = {{Rules of Engagement}},
  month = {
  \url{http://support.ntp.org/bin/view/Servers/RulesOfEngagement},
      retrieved March 12,},
  timestamp = {2019.3.12},
  year = {2019}
}
@misc{reference_clock,
  author = {},
  title = {{Time References}},
  month = {
  \url{http://www.ntp.org/ntpfaq/NTP-s-algo.htm#AEN1766},
      retrieved March 9,},
  timestamp = {2019.3.9},
  year = {2019}
}

@misc{clock_state_machine,
  author = {Mills, D.},
  title = {{Clock State Machine}},
  month = {
  \url{https://www.eecis.udel.edu/~mills/ntp/html/clock.html},
      retrieved March 12,},
  timestamp = {2019.3.12},
  year = {2019}
}

@misc{on_wire,
  author = {},
  title = {Analysis and {S}imulation of the {NTP} {O}n-{W}ire {P}rotocols},
  month = {
  \url{https://www.eecis.udel.edu/~mills/onwire.html},
      retrieved February 21,},

  timestamp = {2019.2.21},
  year = {2019}
}

@misc{huff_n_puff,
  author = {Mills, D.},
  title = {{The Huff-n'-Puff Filter}},
  month = {
  \url{https://www.eecis.udel.edu/~mills/ntp/html/huffpuff.html},
      retrieved February 26,},
  timestamp = {2019.2.26},
  year = {2019}
}

@misc{performance_metrics,
  author = {Mills, D.},
  title = {{Performance Metrics}},
  month = {
  \url{https://www.eecis.udel.edu/~mills/ntp/html/stats.html},
      retrieved March 2,},
  timestamp = {2019.3.2},
  year = {2019}
}

@misc{clock_selection,
  author = {Mills, D.},
  title = {{Clock Select Algorithm}},
  month = {
  \url{https://www.eecis.udel.edu/~mills/ntp/html/select.html},
      retrieved March 2,},
  timestamp = {2019.3.2},
  year = {2019}
}
@misc{poll_process,
  author = {Mills, D.},
  title = {{Poll Process}},
  month = {
  \url{https://www.eecis.udel.edu/~mills/ntp/html/poll.html},
      retrieved March 11,},

  timestamp = {2019.3.11},
  year = {2014}
}

@misc{source_code,
  author = {},
  title = {{The current version of NTP}},
  month = {
  \url{https://www.eecis.udel.edu/~ntp/ntp_spool/ntp4/ntp-4.2.8p13.tar.gz},
      retrieved March 12,},
  timestamp = {2019.3.12},
  year = {2019}
}

@misc{clock_filter,
  author = {Mills, D.},
  title = {{Clock Filter Algorithm}},
  month = {
  \url{https://www.eecis.udel.edu/~mills/ntp/html/filter.html},
      retrieved March 2,},
  timestamp = {2019.3.2},
  year = {2019}
}

@misc{precision,
  author = {},
  title = {{Clock Quality}},
  month = {
  \url{http://www.ntp.org/ntpfaq/NTP-s-sw-clocks-quality.htm},
      retrieved March 12,},

  timestamp = {2019.3.12},
  year = {2019}
}



@misc{rfc2030,
	series =	{Request for Comments},
	number =	2030,
	howpublished =	{RFC 2030},
	publisher =	{RFC Editor},
	doi =		{10.17487/RFC2030},
	url =		{https://rfc-editor.org/rfc/rfc2030.txt},
        author =	{Professor David L. Mills},
	title =		{{Simple Network Time Protocol (SNTP) Version 4 for IPv4, IPv6 and OSI}},
	pagetotal =	18,
	year =		1996,
	month =		oct
}

@misc{rfc1305,
	series =	{Request for Comments},
	number =	1305,
	howpublished =	{RFC 1305},
	publisher =	{RFC Editor},
	doi =		{10.17487/RFC1305},
	url =		{https://rfc-editor.org/rfc/rfc1305.txt},
        author =	{D. Mills},
	title =		{{Network Time Protocol (Version 3) Specification, Implementation and Analysis}},
	pagetotal =	109,
	year =		1992,
	month =		mar
}

@misc{rfc1119,
	series =	{Request for Comments},
	number =	1119,
	howpublished =	{RFC 1119},
	publisher =	{RFC Editor},
	doi =		{10.17487/RFC1119},
	url =		{https://rfc-editor.org/rfc/rfc1119.ps},
        author =	{D. Mills},
	title =		{{Network Time Protocol (Version 2) Specification and Implementation}},
	pagetotal =	1,
	year =		1989,
	month =		sep
}

@misc{rfc1059,
	series =	{Request for Comments},
	number =	1059,
	howpublished =	{RFC 1059},
	publisher =	{RFC Editor},
	doi =		{10.17487/RFC1059},
	url =		{https://rfc-editor.org/rfc/rfc1059.txt},
        author =	{D. Mills},
	title =		{{Network Time Protocol (Version 1) Specification and Implementation}},
	pagetotal =	58,
	year =		1988,
	month =		jul
}

@techreport{rfc958,
	series =	{Request for Comments},
	number =	958,
	howpublished =	{RFC 958},
	publisher =	{RFC Editor},
	doi =		{10.17487/RFC0958},
	url =		{https://rfc-editor.org/rfc/rfc958.txt},
        author =	{D. Mills},
	title =		{{Network Time Protocol (NTP)}},
	pagetotal =	14,
	year =		1985,
	month =		sep
}

@misc{DTSS,
    howpublished = {Digital Equipment Corp.},
    title = {{Digital Time Service Functional Specification Version T.1.0.5}},
    number = {},
    year = {1989, cited in~\cite{rfc5905}}
}

@techreport{rfc5905,
    author = {J. Martin and J. Burbank and W. Kasch and D. Mills},
    title = {{Network Time Protocol Version 4: Protocol and Algorithms
        Specification}},
    howpublished = {Internet Requests for Comments},
    type = {RFC},
    number = {5905},
    year = {2010},
    month = {June},
    issn = {2070-1721},
    url = {https://www.ietf.org/rfc/rfc5905.txt}
}

% ----------------------------------------------------------------------
% Examples from the template
@MISC{COOKIE,
  author = {Wikipedia Community},
  title = {Cookie},
  howpublished = {Wikipedia},
  year = "2007",
  owner = {034776d},
  timestamp = {2007.01.30},
  url = {http://en.wikipedia.org/wiki/Cookie}
}

@INPROCEEDINGS{1188581,
  author = "Michael R. Head and Madhusudhan Govindaraju and Robert van Engelen
	and Wei Zhang",
  title = {Grid scheduling and protocols---Benchmarking XML processors
           for applications in grid web services},
  booktitle = {SC '06: Proceedings of the 2006 ACM/IEEE conference
               on Supercomputing},
  year = {2006},
  pages = {121},
  address = {New York, NY, USA},
  publisher = {ACM Press},
  doi = {http://doi.acm.org/10.1145/1188455.1188581},
  isbn = {0-7695-2700-0},
  location = {Tampa, Florida}
}

@book{HHG2TG,
author = "Douglas Adams",
publisher = {Pan Books},
title = "The Hitchhiker's Guide to the Galaxy",
address = "UK",
year = {1979}
}


@mastersThesis{Wetmore,
document_type     = {Honours Thesis},
title = {Grapha: Graph {G}enerating {S}oftware},
school = {Acadia University},
author = {Wetmore, Nicolas J.},
type = {Honours dissertation},
year = {2014},
}


@article{Pirzada,
   author = {Shariefuddin Pirzada and Ashay Dharwadker},
   title = {Applications Of Graph Theory},
   journal = {Journal of the Korean Society for Industrial and Applied Mathematics},
   volume = {11},
   number = {4},
   year = {2007},
 }
 
@article{Purchase,
   author = {Helen C. Purchase and Robert F. Cohen and Murray I. James},
   title = {An {E}xperimental {S}tudy of the {B}asis for {G}raph {D}rawing {A}lgorithms},
   journal = {Journal of Experimental Algorithmics},
   volume = {2},
   number = {4},
   year = {1997}
}
 
@article{Purchase2b,
   author = {Helen C. Purchase and Robert F. Cohen and Murray I. James},
   title = {Yet More Silly Putty Experiments},
   journal = {Journal of Experimental Putty},
   volume = {2},
   number = {4},
   year = {1999}
}
 
 
@article{BattistaG,
 author = {Battista, Giuseppe Di and Peter Eades and Roberto Tamassia and Ioannis G. Tollis},
 title = {Algorithms for {D}rawing {G}raphs: {A}n {A}nnotated {B}ibliography},
 journal = {Computational Geometry},
 volume = {4},
 issue = {5},
 year = {1994}, 
 pages = {235-282},
}
  
@incollection{ReinhardCh1,
 author = {Reinhard Diestel},
 title = {Graph {T}heory. {C}hapter 1},
 pages = {1-33},
 publisher = {Springer},
 year = {2010},
}
 
@inbook{Junger,
 author = {Michael Junger and  Petra Mutzel. Chapter 1: Introduction},
 title = {Graph Drawing Software},
 pages = {1-3},
 publisher = {Springer},
 year = {2004},
}
 
@inbook{BachmaierCh20,
    author = {Ulrik Brandes and Falk Schreiber},
    title = {Handbook of Graph Drawing and Visualization},
    chapter = {Biological Networks}, 
    pages = {621-651},
    publisher = {Chapman \& Hall},
    year = 2013,
}
 
@inbook{BachmaierCh21,
 author = {Olga Ohrimenko and Charalampos Papamanthou and Bernardo Palazzi},
 title = {Handbook of Graph Drawing and Visualization},
 chapter = {Computer Security}, 
 pages =  {653-676},
 publisher = {Chapman \& Hall},
 year = 2013,
}
 
@inbook{BachmaierCh22,
 author = {Stephen G. Eick},
 title = {Handbook of Graph Drawing and Visualization},
 chapter = {Graph Drawing for Data Analytics}, 
 pages = {681-696},
 publisher = {Chapman \& Hall},
 year = 2013,
}
 
@inbook{BachmaierCh23,
 author = {Alexander Wolff},
 title = {Handbook of Graph Drawing and Visualization},
 chapter = {Graph Drawing and Cartograph}, 
 pages = {697-730},
 publisher = {Chapman \& Hall},
 year = 2013,
}
 
@inbook{BachmaierCh24,
 author = {Stina Bridgeman},
 title = {Handbook of Graph Drawing and Visualization},
 chapter = {Graph Drawing in Education}, 
 pages = {737-757},
 publisher = {Chapman \& Hall},
 year = 2013,
}
 
@inbook{BachmaierCh25,
 author = {Giuseppe Di Battista and Massimo Rimondini},
 title = {Handbook of Graph Drawing and Visualization},
 chapter = {Computer Networks}, 
 pages = {763-795},
 publisher = {Chapman \& Hall},
 year = 2013,
}
 
 
@inbook{BachmaierCh26,
 author = {Ulrik Brandes and Linton C. Freeman and Dorothea Wagner},
 title = {Handbook of Graph Drawing and Visualization. {C}hapter 26: {S}ocial networks}, 
 pages = {805 -- 828},
 publisher = {Chapman \& Hall},
 year = 2013,
}
 
@misc{yEd,
  author = {yWorks},
  title = {yEd Graph Editor: High {Q}uality {D}iagrams {M}ade {E}asy},
  url = {http://www.yworks.com/en/products/yfiles/yed/},
  timestamp = {2015.08.30},
  year = {2015}
}
 
@misc{tulip,
  author = {Tulip},
  title = {Tulip: {B}etter {V}isualization {T}hrough {R}esearch},
  url = {http://tulip.labri.fr/TulipDrupal/},
  timestamp = {2015.08.30},
  year = {2015}
}
 
@misc{meurs,
  author = {Meurs HRM\null},
  title = {Meurs {C}hallenger},
  url = {http://www.q1000.ro/challenger/},
  timestamp = {2015.08.30},
  year = {2015}
}

@misc{mathematica,
  author = {Wolfram},
  title = {Wolfram Mathematica},
  url = {http://www.wolfram.com/mathematica/},
  timestamp = {2015.08.30},
  year = {2015}
}

@misc{biofabric,
  author = {Institute for Systems Biology},
  title = {BioFabric},
  url = {http://www.biofabric.org},
  timestamp = {2015.08.30},
  year = {2014}
}

@article{biofabricArticle,
   author = {Longabaugh, W.J.R.},
   title = {Combing the {H}airball with {B}ioFabric: {A} New approach for visualization of large networks.},
   journal = {BMC Bioinformatics},
   volume = {13},
   number = {275},
   year = {2012},
 }
 
@misc{bigThink,
  title = {big think: Bjarne {S}troustrup ``{W}hy {I} {C}reated {C}++''},
  url = {http://bigthink.com/experts/bjarnestroustrup},
  timestamp = {2015.09.30},
  year = {2016}
}

@misc{QtCreator,
  title = {Qt {C}reator},
  url = {http://www.qt.io/ide/},
  timestamp = {2015.09.30},
   year = {2015}
}
 
@misc{QtSignalsAndSlots,
  title = {Qt {D}ocumentation: {S}ignals and {S}lots},
  url = {http://doc.qt.io/qt-4.8/signalsandslots.html/},
  timestamp = {2015.09. 30},
  year = {2015}
}

 @misc{QGraphicsView,
  title = {Qt {D}ocumentation \texttt{QGraphicsView} {C}lass},
  url = {http://doc.qt.io/qt-5/qgraphicsview.html},
  timestamp = {2015.09.30},
    year = {2015}

}

@misc{QGraphicsScene,
  title = {Qt {D}ocumentation: \texttt{QGraphicsScene} {C}lass},
  url = {http://doc.qt.io/qt-5/qgraphicsscene.html},
  timestamp = {2015.09.30},
    year = {2015}

}

@misc{QGraphicsItem,
  title = {Qt {D}ocumentation: \texttt{QGraphicsItem} {C}lass},
  url = {http://doc.qt.io/qt-5/qgraphicsitem.html},
  timestamp = {2015.09.30},
    year = {2015}

}

@misc{QGraphicsTextItem,
  title = {Qt {D}ocumentation: \texttt{QGraphicsTextItem} {C}lass},
  url = {http://doc.qt.io/qt-5/qgraphicsitexttem.html},
  timestamp = {2015.09.30},
  year = {2015}
}

@misc{QtWidgets,
  title = {Qt {D}ocumentation: Qt {W}idgets},
  url = {http://doc.qt.io/qt-5/qtwidgets-index.html},
  timestamp = {2015.09.25},
  year = {2015}
}

@article{Jansen,
   author = {Jansen, B.J.},
   title = {The {G}raphical {U}ser {I}nterface: {A}n {I}ntroduction },
   journal = {SIGCHI Bulletin},
   volume = {30},
   number = {2},
   pages = {22-26},
   year = {1998},
}

@incollection{Lingfeng,
 author = {Lingfeng Wang and Key Chen Tan},
 title = {Modern {I}ndustrial {A}utomation {S}oftware {D}esign. {C}hapter 5},
 pages = {53-58},
 publisher = {John Wiley \& Sons, Inc.},
 year = {2006},
}


@book{Mullet,
 Address = {Mountain View},
 Author = {Mullet, Kevin and Darrell Sano},
 Publisher = {Sun Microsystems, Inc},
 Title = {Designing Visual Interfaces},
 Year = {1995},
}

@misc{Matz,
 author = {Kevin Matz},
 title = {The {G}estalt {L}aws of {P}erception and how to use them in {UI} {D}esign},
 journal = {Architecting Usability},
 type = {Blog},
 year = {2015},
 howpublished = {\url{http://architectingusability.com/2011/05/26/using-the-gestalt-laws-of-perception-in-ui-design/}}
}

@misc{glade,
  author = {The Glade Project},
  title = {Glade --- A {U}ser {I}nterface {D}esigner},
  url = {https://glade.gnome.org},
  timestamp = {2015.09.28},
  year = {2014}
}

@misc{eclipse,
  author = {The Eclipse Foundation},
  title = {Eclipse},
  url = {https://eclipse.org/home/index.php},
  timestamp = {2015.09.27},
  year = {2016}
}

@misc{cplusplus,
 author = {cplusplus.com},
  title = {C++: A {B}rief {D}escription},
  url = {http://www.cplusplus.com/info/description/},
  timestamp = {2015.09.26},
  year = {2015}
}
